@book{bishop1995neural,
  title={Neural networks for pattern recognition},
  author={Bishop, Christopher M and others},
  year={1995},
  publisher={Oxford university press}
}

